@book{Sagan,
	author    = "Sagan, Carl",
	title     = "Cosmos",
	year      = "1980",
	publisher = "Random House",
}
@manual{Feynman74,
	title   = "Cargo Cult Science",
	author  = "Richard Feynman",
	url     = "http://www.lhup.edu/~DSIMANEK/cargocul.htm",
	urldate = "2017-06-15",
	year    = "1974"
}
