@book{Sagan,
	author    = "Sagan, Carl",
	title     = "Cosmos",
	year      = "1980",
	publisher = "Random House",
}
@manual{Feynman74,
	title   = "Cargo Cult Science",
	author  = "Richard Feynman",
	note    = "\url{http://calteches.library.caltech.edu/51/2/CargoCult.htm} (last accessed: December 2018)",
	year    = "1974"
}
